<?xml version="1.0" encoding="UTF-8"?><record xmlns="http://www.loc.gov/MARC21/slim" xmlns:cinclude="http://apache.org/cocoon/include/1.0" xmlns:zs="http://www.loc.gov/zing/srw/">
  <leader>00461nz  a2200157n  4500</leader>
  <controlfield tag="001">no2014053411</controlfield>
  <controlfield tag="003">DLC</controlfield>
  <controlfield tag="005">20140424073610.0</controlfield>
  <controlfield tag="008">140423n| azannaabn          |n aaa     c</controlfield>
  <datafield tag="010" ind1=" " ind2=" ">
    <subfield code="a">no2014053411</subfield>
  </datafield>
  <datafield tag="035" ind1=" " ind2=" ">
    <subfield code="a">(OCoLC)oca09740924</subfield>
  </datafield>
  <datafield tag="040" ind1=" " ind2=" ">
    <subfield code="a">IEN-Mu</subfield>
    <subfield code="b">eng</subfield>
    <subfield code="e">rda</subfield>
    <subfield code="c">IEN-Mu</subfield>
  </datafield>
  <datafield tag="046" ind1=" " ind2=" ">
    <subfield code="k">1975</subfield>
    <subfield code="l">1976</subfield>
  </datafield>
  <datafield tag="100" ind1="1" ind2=" ">
    <subfield code="a">Togni, Camillo.</subfield>
    <subfield code="t">Pieces,</subfield>
    <subfield code="m">flute, guitar</subfield>
  </datafield>
  <datafield tag="382" ind1=" " ind2=" ">
    <subfield code="a">flute</subfield>
    <subfield code="n">1</subfield>
    <subfield code="a">guitar</subfield>
    <subfield code="n">1</subfield>
    <subfield code="s">2</subfield>
  </datafield>
  <datafield tag="670" ind1=" " ind2=" ">
    <subfield code="a">Togni, Camillo. Cinque pezzi per flauto e chitarra, 1975-1976, 1986.</subfield>
  </datafield>
</record>